2239 3486
1126 89 1235 127 VIII

216 224 325 262 quae
357 211 413 251 ad
444 210 647 263 Hexapla
677 211 907 263 pertinent,
936 210 1093 252 hausta
1125 215 1222 252 sunt
1253 224 1276 252 0
1302 211 1462 252 Fieldii
1493 211 1635 253 indice
1665 212 1831 265 syriaco
1860 213 1906 253 in
1933 212 2144 254 Auctaric

214 289 271 330 ad
304 288 496 342 Originis
526 287 730 342 Hexapla
759 292 850 330 tom
878 287 929 330 Π
956 303 994 342 p.
1029 292 1079 330 62
1098 303 1170 342 sq„
1211 289 1330 344 cujus
1367 290 1566 331 notitiam
1595 304 1631 330 V.
1654 290 1706 331 cl.
1734 290 1965 344 Baethgen
1996 291 2144 333 debeo.

326 367 463 409 Jussu
492 367 756 421 bibliopolae
785 367 1093 417 honestissimi,
1137 368 1209 421 qui
1239 368 1363 423 hujus
1394 369 1535 422 operis
1567 368 1732 409 aditum
1762 383 1847 410 non
1877 370 2145 411 nostratibus

214 446 350 487 solum
380 450 532 501 patere
560 446 710 495 voluit,
750 447 899 499 lingua
928 460 1028 488 usus
1060 460 1151 487 sum
1182 447 1331 497 latina,
1364 448 1482 502 cujus
1511 447 1747 502 puritatem
1781 447 1897 488 haud
1928 449 1991 489 ita
2021 450 2147 490 anxie

214 525 371 574 curavi,
402 525 534 566 medii
565 525 658 566 aevi
690 526 923 579 scriptores
945 526 1116 579 saepius
1146 525 1340 567 imitatus
1372 540 1499 579 quam
1522 525 1792 577 Ciceronem3
1823 540 1908 579 qua
1928 540 1987 576 re,
2018 528 2053 568 si
2075 528 2147 580 qui

211 603 405 656 puristae
448 603 737 653 offendentur,
781 604 978 657 equidem
1023 618 1153 657 aegre
1201 619 1287 645 non
1330 605 1476 646 feram.
1551 604 1630 646 Th.
1677 604 1880 646 Nffldeke
1921 605 2146 659 praefatio,

211 681 266 722 ab
288 681 382 735 ipso
402 683 631 724 vernaculo
662 696 857 724 sermone
887 683 1143 736 conscripta,
1175 697 1200 724 a
1226 697 1293 724 me
1326 684 1460 725 latine
1491 697 1615 725 versa
1644 687 1719 724 est.

323 760 424 802 Hoc
469 761 764 815 qualecunque
813 762 1062 816 opusculum
1111 761 1166 803 ab
1214 763 1402 816 imagine
1448 763 1525 804 illa
1569 763 1697 804 lexici
1750 762 1906 816 syriaci
1951 762 2147 804 omnibus

210 841 397 881 numeris
434 840 639 890 absoluti,
675 854 803 893 quam
839 841 903 881 vir
935 840 1086 881 doctus
1121 841 1170 881 rin
1211 841 1480 894 praefatione
1519 841 1763 891 delineavit,
1801 841 1881 883 etsi
1917 856 1997 895 pro
2034 842 2147 883 virili

209 924 334 971 parte
366 933 459 960 eam
489 933 677 972 aequare
709 919 923 968 contendi,
955 923 1022 960 sat
1053 928 1146 960 es'se
1178 919 1391 961 diversum
1423 924 1465 962 et
1484 921 1631 970 multa,
1663 933 1772 974 111130
1795 920 2074 962 emendentur
2105 925 2148 963 et

210 997 439 1047 addantur,
471 998 611 1039 adhuc
642 1002 809 1039 restare
840 998 1014 1039 minime
1043 1012 1111 1039 me
1146 998 1269 1052 fugit.
1331 998 1430 1048 Sed,
1469 999 1541 1052 qui
1573 999 1627 1040 de
1658 1013 1787 1053 opere
1816 1013 1910 1041 meo
1935 999 2148 1054 judicium

209 1076 322 1118 ferre
359 1077 510 1127 velint,
548 1091 616 1118 me
655 1077 750 1118 dira
785 1077 1045 1118 necessitate
1077 1081 1273 1123 coactum
1303 1077 1423 1119 brevi
1455 1078 1679 1131 quinquies
1711 1092 1908 1119 senorum
1938 1079 2148 1120 mensium

209 1156 362 1208 spat-io,
393 1155 601 1205 omnibus,
624 1169 803 1208 quorum
825 1155 999 1208 quidem
1019 1156 1123 1196 mihi
1145 1157 1288 1198 aditus
1309 1160 1493 1209 pateret,
1513 1156 1638 1197 libris
1660 1158 1838 1210 syriacis
1859 1157 2147 1211 perlustratis,

208 1235 289 1275 hoc
319 1234 486 1276 lexicon
525 1235 781 1288 compilasse
818 1239 861 1276 et
896 1235 1216 1289 inprimendum
1254 1236 1487 1285 curavisse,
1530 1249 1691 1285 secum,
1734 1249 1904 1288 quaeso,
1934 1241 2147 1290 reputent.

209 1312 324 1368 Quid
354 1328 434 1364 me,
466 1315 539 1367 qui
569 1318 699 1356 antea
729 1315 774 1355 in
805 1314 993 1356 arabicis
1029 1319 1223 1356 versatus
1255 1328 1423 1369 semper
1452 1329 1520 1355 1110
1555 1318 1824 1356 versaturum
1864 1329 2148 1369 speraveram,

206 1398 255 1435 ut
283 1393 396 1434 hunc
416 1393 611 1435 laborem
637 1394 880 1447 „ergastulo
903 1394 1103 1447 dignum“
1133 1394 1178 1435 in
1209 1408 1277 1435 me
1299 1394 1573 1446 susciperem,
1606 1395 1893 1444 commoverit,
1923 1394 1994 1435 hic
2027 1409 2148 1436 enar-

205 1487 303 1514 rare
334 1473 507 1526 longum
539 1477 614 1514 est.
673 1473 848 1514 Labore
868 1473 1006 1514 taedii
1026 1473 1132 1514 satis
1162 1473 1290 1527 pleno
1312 1473 1348 1513 si
1377 1474 1603 1514 literarum
1635 1473 1910 1527 Syriacamm
1932 1473 2147 1516 studiosos

207 1552 522 1606 aliquantulum
553 1551 767 1605 adjuvisse
797 1552 988 1603 videbor,
1020 1553 1208 1606 suscepti
1238 1567 1306 1594 me
1336 1567 1421 1594 non
1450 1552 1703 1607 poenitebit.

318 1632 495 1680 Restat,
531 1635 579 1672 ut
610 1632 776 1684 gratias
808 1646 950 1686 agam,
990 1645 1118 1685 quam
1150 1633 1373 1681 maximas,
1403 1632 1769 1673 bibliothecarum
1798 1632 2043 1686 praefectis,
2074 1633 2147 1685 qui

206 1712 341 1753 libros
371 1725 439 1752 me
468 1710 736 1765 adjuverunt,
765 1711 1165 1764 Argentoratensis,
1195 1711 1503 1760 BerolinensiS,
1535 1710 1778 1760 Gothanae,
1807 1711 2146 1762 Rostockiensis,

205 1790 578 1841 Vratislaviensis3
619 1789 848 1832 Theodoro
885 1790 1105 1839 Noldeke,
1146 1790 1355 1843 magistro
1396 1790 1636 1840 carissimo,
1681 1791 1753 1843 qui
1794 1790 1918 1831 libris
1967 1791 2052 1832 suis
2103 1795 2146 1832 et

205 1871 475 1912 institutione
517 1869 573 1910 ad
620 1869 702 1910 hoc
746 1884 850 1923 opus
890 1871 995 1911 mihi
1036 1870 1149 1911 viam
1190 1869 1388 1918 munivit,
1440 1870 1533 1923 ipso
1575 1870 1621 1910 in
1664 1883 1793 1923 opere
1838 1883 2145 1924 saepenumero

206 1950 457 1991 haerentem
488 1963 555 1990 me
588 1949 822 2003 expedivit,
852 1949 1072 1991 labentem
1104 1950 1322 1999 sustinuit,
1363 1949 1668 2003 desperantem
1704 1949 1924 1998 excitavit,
1963 1948 2145 2001 denique

204 2029 476 2084 praefatione
517 2042 594 2069 sua
625 2032 825 2070 ornatum
854 2029 936 2070 hoc
966 2029 1163 2070 volumen
1192 2029 1294 2069 viris
1326 2028 1467 2070 doctis
1500 2028 1792 2070 commendari
1829 2027 2017 2080 benigne
2048 2041 2145 2069 con-

205 2109 353 2159 003311;
386 2107 648 2161 Siegmundo
678 2107 907 2157 Fraenkel,
940 2109 1011 2162 qui
1042 2108 1144 2149 inde
1175 2122 1201 2149 a
1230 2108 1438 2149 fasciculo
1471 2108 1658 2149 secundo
1680 2108 1725 2148 in
1744 2107 1929 2161 plagulis
1950 2107 2144 2160 legendis

203 2202 272 2230 me
304 2187 510 2242 adjuvare
541 2187 658 2229 haud
693 2187 952 2240 dedignatus
983 2187 1120 2229 multa
1151 2191 1195 2229 et
1230 2186 1285 2228 ab
1317 2187 1410 2240 ipso
1444 2191 1486 2228 et
1517 2187 1571 2228 ab
1604 2186 1870 2228 Iinmanuele
1901 2184 2006 2226 Lew
2037 2186 2145 2227 scite

205 2267 506 2309 animadversa
537 2266 705 2319 sibique
735 2280 813 2320 per
842 2266 993 2308 literas
1024 2267 1191 2308 tradita
1220 2280 1387 2308 mecum
1417 2266 1603 2320 benigne
1635 2265 1981 2316 communicavit3
2012 2264 2144 2306 Petro

203 2347 237 2389 J
240 2361 387 2396 ensen,
419 2347 491 2399 qui
521 2346 565 2386 in
594 2346 794 2399 plagulis,
825 2359 935 2399 quae
955 2346 1166 2388 vocabula
1198 2360 1220 2387 e
1250 2346 1397 2400 lingua
1424 2346 1644 2400 assyriaca
1669 2346 1713 2386 in
1734 2345 1947 2400 syriacam
1967 2347 2145 2398 recepta

205 2431 280 2468 aut
312 2427 405 2479 ipse
425 2426 668 2475 invenisset,
701 2429 776 2466 aut
808 2425 863 2466 ab
898 2426 994 2467 aliis
1026 2429 1146 2467 recte
1175 2426 1348 2467 inventa
1369 2425 1600 2479 judicaret,
1633 2424 1873 2475 annotavit3
1904 2423 1960 2464 A.
1982 2422 2143 2472 Bevan,

203 2505 431 2554 R.Duva1,
461 2504 511 2546 L.
536 2503 722 2553 Techen,
752 2504 797 2545 J.
828 2504 1122 2556 Wellhausen‚
1155 2506 1226 2559 qui
1262 2519 1340 2559 per
1369 2505 1520 2546 literas
1552 2504 1608 2545 ad
1639 2518 1707 2545 ine
1739 2501 2002 2551 scribebant,
2033 2515 2142 2554 (11130

203 2586 248 2626 111
279 2584 457 2637 singulis
488 2583 705 2625 fasciculis
735 2584 802 2625 vel
833 2584 991 2625 omissa
1020 2585 1085 2626 vel
1115 2585 1254 2626 minus
1285 2587 1403 2625 rect-e
1436 2583 1649 2637 explicata
1680 2584 1943 2625 invenerunt.

318 2708 491 2751 Dabam
522 2708 868 2751 VRATISLAVIAE.
903 2712 965 2749 25.
997 2708 1126 2749 Febr.
1163 2712 1282 2750 1895.
