2239 3486
1097 87 1159 123 vi

160 211 361 266 ponenda
392 214 509 262 sunt3
548 224 595 251 re
635 224 736 251 vera
767 209 940 263 quidem
971 208 1155 249 alterum
1185 208 1322 248 altero
1353 221 1438 248 non
1474 207 1654 248 multum
1691 207 1883 248 distabit.
1941 206 2093 248 Litera

159 290 318 332 vocalis
356 308 377 329 ο
411 290 502 344 jam
544 289 590 330 in
634 289 811 343 syriacis
862 287 1089 329 nonnullas
1137 286 1262 328 nobis
1312 285 1586 327 difficultates
1635 290 1782 339 parat,
1830 300 1926 327 cum
1963 299 2092 339 saepe

159 369 419 418 nesciamus,
454 368 686 421 longamne
721 382 777 409 an
812 367 987 408 brevem
1023 365 1215 408 vocalem
1254 365 1484 419 exprimat,
1524 365 1636 406 sitne
1671 364 1810 406 forma
1845 364 2004 405 radicis
2044 369 2093 412 Ty

160 461 216 489 an
245 452 320 496 y'y.
378 446 432 488 In
468 445 688 488 vocabulis
726 446 894 500 graecis
925 463 947 485 ο
977 458 1056 498 pro
1088 461 1108 485 ο
1139 444 1313 497 quidem
1342 443 1467 485 modo
1497 444 1683 498 ponitur,
1713 443 1840 485 modo
1871 443 2094 484 omittitur.

159 527 299 569 Porro
340 526 386 566 in
425 525 644 566 vocabulis
688 525 856 578 graecis
892 524 985 578 jam
1020 524 1174 577 priscis
1211 522 1479 577 temporibus
1517 523 1781 576 saepissime,
1822 536 1909 563 non
1948 526 2095 563 tamen

160 619 338 659 semper,
371 621 384 645 ι
414 604 562 645 littera
589 628 604 641 ι
644 603 908 656 exprimitur.
976 601 1162 645 Scholae
1192 601 1406 655 quaedam
1441 601 1671 656 plerasque
1701 601 1767 642 vel
1798 614 1942 642 omnes
1971 614 2096 642 voca-

160 684 357 726 bulorum
394 696 648 736 graecorum
694 682 863 723 vocales
905 681 1044 722 literis
1085 680 1322 731 vocalibus,
1375 697 1400 721 α
1441 681 1569 722 litera
1612 683 1633 730 1,
1675 679 1785 721 adeo
1828 695 1847 719 ε
1888 679 2017 721 litera
2056 699 2098 729 οι,

159 761 451 804 reddiderunt.
509 761 640 814 Ergo,
681 761 717 801 si
756 761 850 813 quis
888 759 1144 801 vocabulum
1184 773 1398 814 graecum,
1435 774 1687 813 quocunque
1721 759 1847 801 modo
1879 757 2097 808 scribitur,

158 843 222 883 ita
251 841 390 882 lexico
420 839 694 882 inserendum
725 852 817 880 esse
849 843 1034 888 censeat,
1064 838 1281 880 interdum
1309 839 1416 881 locis
1451 839 1580 894 plane
1612 839 1789 880 diversis
1819 838 1864 879 id
1897 838 2100 891 disponat

161 924 204 961 et
258 920 469 960 lecturum
526 919 625 959 hinc
686 918 788 959 illuc
850 918 1024 971 deleget
1078 921 1260 971 oportet.
1344 918 1486 960 Multo
1550 919 1684 972 igitur
1741 917 1977 972 simplicius
2033 920 2099 958 est

162 1013 210 1040 eo
261 999 355 1039 loco
409 997 663 1038 vocabulum
713 1010 891 1050 ponere,
942 997 1015 1049 qui
1067 997 1402 1038 consonantibus
1452 997 1682 1039 indicatur.
1762 997 1846 1052 Qui
1895 1001 2098 1049 »uque-n

160 1074 391 1132 χειροτονία
427 1076 703 1129 quaesiverit,
740 1075 928 1116 inveniet
963 1088 994 1115 s.
1035 1089 1068 1115 r.
1117 1080 1210 1127 ..gc-2,
1251 1075 1327 1117 ubi
1366 1077 1495 1117 etiam
1530 1083 1660 1130 μιζμ
1692 1076 1872 1118 affertur
1902 1076 2099 1128 aliaeque

159 1156 323 1197 formae
364 1160 533 1207 las-gom
577 1158 659 1195 etc.
695 1153 824 1195 facile
862 1153 1052 1208 suppleri
1092 1158 1284 1207 possunt.
1348 1154 1694 1196 Innumerabiles
1734 1155 1850 1196 vocis
1893 1154 2100 1209 παρῤησία

159 1235 322 1277 formae
356 1233 485 1275 facile
521 1247 552 1274 s.
582 1247 614 1274 r.
646 1249 739 1278 aas-2
776 1212 1056 1286 colliguntur3
1092 1247 1195 1274 sane
1232 1234 1405 1287 quidem
1435 1235 1672 1289 optandum
1711 1239 1823 1284 erat,
1858 1239 1907 1276 ut
1935 1234 2100 1276 formae

163 1314 329 1356 duobus
362 1326 373 1352 ὅ
406 1317 448 1354 et
475 1333 502 1355 e·
534 1312 735 1366 scriptae,
767 1326 841 1353 suo
863 1312 957 1353 loco
979 1312 1147 1354 lecturo
1171 1313 1384 1367 delegato,
1415 1313 1684 1356 afferrentur.
1744 1313 1814 1356 Ne
1834 1313 2100 1355 absolutissi-

160 1407 275 1434 mum
306 1391 479 1445 qujdem
507 1392 676 1433 lexicon
706 1404 852 1432 omnes
881 1390 1041 1433 formas
1072 1391 1229 1433 afferre
1253 1395 1411 1446 potest,
1447 1392 1602 1446 quibus
1632 1394 1714 1435 hoc
1744 1393 1810 1434 vel
1839 1393 1947 1434 illud
1977 1406 2101 1434 voca-

161 1472 309 1514 bulum
339 1485 542 1525 graecum
573 1469 805 1523 aliquando
837 1469 1054 1511 scribitur.
1115 1470 1203 1514 Sed
1235 1472 1272 1512 si
1303 1472 1396 1525 qm’s
1427 1486 1580 1514 novum
1599 1473 1758 1514 librum
1779 1473 1926 1526 legens
1947 1485 2101 1514 novum

162 1550 381 1592 scribendi
410 1550 584 1592 modum
615 1549 836 1598 invenerit,
872 1548 1077 1590 facillime
1109 1550 1164 1591 de
1195 1564 1244 1592 eo
1277 1550 1530 1593 edocebitur
1561 1565 1609 1593 eo
1646 1552 1740 1593 loco
1772 1565 1995 1604 quaerens,
2024 1550 2100 1593 ubi

163 1635 336 1672 ceterae
370 1629 535 1671 formae
571 1628 860 1677 inveniuntur,
900 1628 934 1669 si
973 1628 1147 1681 quidem
1178 1630 1410 1672 secundum
1449 1635 1595 1672 ternas
1626 1631 1791 1685 priores
1822 1630 1971 1672 literas
2002 1644 2101 1673 con-

164 1713 365 1751 sonantes
398 1708 635 1762 dispositae
666 1711 773 1748 sunt.

275 1788 417 1829 Index
457 1787 804 1841 latino-syriacus
840 1786 968 1828 lexici
1006 1788 1161 1841 syriaci
1200 1789 1417 1843 appendix
1461 1790 1731 1843 gratissimus
1773 1790 1877 1831 mihi
1919 1790 2100 1832 videtur.

162 1867 379 1920 Equidem
409 1865 625 1908 indicibus
655 1866 838 1908 aliorum
868 1866 1103 1908 lexicorum
1135 1868 1425 1910 semiticorum
1460 1869 1551 1923 jam
1589 1883 1719 1924 saepe
1754 1883 1853 1911 usus
1883 1870 2101 1911 interdum

164 1947 390 2001 syriacum,
421 1946 494 1999 qui
525 1945 667 1987 adhuc
699 1946 862 1996 deerat,
893 1946 1147 1988 desideravi.

277 2025 478 2078 Denique
510 2025 724 2078 expressis
753 2025 897 2066 verbis
927 2025 1146 2080 profiteor,
1177 2040 1318 2068 meam
1339 2027 1464 2082 hujus
1486 2029 1627 2083 operis
1648 2033 1818 2082 partem
1840 2028 1975 2070 solam
2007 2041 2102 2069 eam

165 2105 308 2154 fuisse,
339 2104 454 2157 quod
486 2117 564 2157 per
593 2104 742 2146 literas
773 2105 942 2146 auctori
979 2105 1158 2147 consilia
1198 2106 1411 2160 quaedam
1450 2107 1504 2149 de
1535 2121 1665 2162 opere
1700 2107 1965 2149 instituendo
1998 2106 2102 2148 dedi

166 2187 209 2224 et
252 2184 306 2225 de
346 2184 451 2225 locis
493 2184 705 2225 nonnullis
749 2184 1008 2237 scriptorum
1051 2186 1317 2239 syriacorum
1360 2190 1402 2228 et
1444 2186 1755 2229 difficilioribus
1795 2191 1836 2228 et
1875 2187 2101 2240 corruptis,

166 2266 376 2315 quantum
406 2267 613 2316 poteram,
646 2278 741 2305 eum
775 2263 939 2304 edocui.

278 2386 615 2436 ARGENTORATI,
646 2401 791 2429 mense
823 2388 940 2441 Sept.
974 2391 1094 2430 1894.

1559 2516 1665 2567 Th.
1704 2515 2001 2568 Noldeke.
