2239 3486
1044 69 1083 106 V

99 187 249 229 melius
281 201 408 241 quam
437 203 549 230 nunc
582 190 781 243 cognitae
813 194 948 239 erunt,
978 194 1069 231 tum
1100 195 1267 245 tempus
1298 192 1378 233 erit
1399 193 1572 234 nomina
1601 193 1793 235 locorum
1824 199 1866 237 et
1893 195 2027 238 homi-

97 281 199 308 num
228 267 397 320 syriaca
428 271 471 309 et
499 268 670 322 persica
701 268 905 321 colligere
937 272 981 310 et
1001 269 1210 322 digerere.
1263 269 1351 312 Sed
1379 274 1481 311 tunc
1510 285 1676 324 quoque
1697 272 2026 328 lexicographus

98 345 270 398 quidem
306 346 402 387 aliis
439 347 625 400 negotiis
659 346 834 388 vacabit
873 361 1002 400 quam
1032 347 1264 400 colligendi
1301 349 1632 391 innumerabilia
1667 352 1840 393 nomina
1870 367 2028 405 graeca

98 428 140 465 et
160 423 334 474 biblica,
361 438 472 477 quae
496 425 610 467 forte
634 426 679 466 in
698 425 822 467 libris
851 426 1029 480 syriacis
1056 427 1347 478 inveniuntur3
1379 428 1502 480 quasi
1523 428 1616 481 quis
1636 429 1682 469 in
1702 430 1838 471 lexico
1862 445 2026 484 germa-

93 503 192 544 nico
223 504 365 544 omnia
393 504 566 545 nomina
596 505 855 558 scriptorum
875 504 1150 546 arabicorum
1179 505 1247 545 vel
1267 505 1523 559 oppidorum
1545 507 1775 549 sinicorum
1802 509 2026 562 proferret,

95 595 206 634 quae
233 581 346 623 forte
375 582 420 622 in
449 582 530 623 hoc
563 583 648 624 sive
678 584 751 625 illo
781 584 896 626 libro
927 584 1174 637 germanico
1206 589 1606 626 commemorantur.

207 660 458 714 Optandum
489 665 572 711 est,
613 667 661 703 ut
696 662 866 704 lexicon
904 663 949 704 in
977 660 1098 703 Pe‘al
1127 663 1309 704 formam
1338 663 1580 717 imperfecti
1619 669 1661 706 et
1698 666 1742 706 in
1783 667 2026 708 nominibus

90 739 308 780 interdum
336 739 519 781 formam
540 741 647 794 sing.
675 745 726 782 st.
747 741 838 783 abs.
861 745 903 783 et
925 745 1024 782 cstr.
1056 745 1131 782 aut
1159 741 1268 795 plur.
1289 742 1462 784 indicet.
1523 742 1638 785 Sane
1660 744 1833 797 quidem
1862 744 2026 787 formae

89 817 374 872 proferendae
403 833 489 859 non
519 823 628 869 sunt,
657 820 740 860 nisi
771 834 880 873 quae
908 824 1054 861 certae
1076 825 1184 861 sunt.
1243 820 1366 862 Idem
1398 835 1527 875 saepe
1561 823 1615 864 de
1647 823 1843 864 omnibus
1870 824 2026 865 vocali-

90 896 170 937 bus
202 896 432 938 dicendum
464 902 540 939 est.
597 898 839 948 Vocabula,
871 913 992 952 quae,
1024 913 1106 951 quo
1137 899 1264 940 modo
1294 901 1577 953 pronuntiata
1609 902 1706 951 sint,
1735 916 1821 943 non
1843 907 2024 953 constat,

88 976 307 1017 vocalibus
337 976 450 1018 fictis
480 991 534 1018 ne
563 977 850 1019 instruantur!

198 1055 313 1097 Mihi
342 1056 515 1108 quidem
543 1055 788 1098 laudandus
817 1071 902 1098 non
931 1057 1118 1105 videtur,
1149 1057 1185 1096 si
1210 1058 1304 1109 quis
1334 1058 1471 1099 lexico
1502 1059 1692 1100 manuali
1722 1059 1880 1112 linguis
1910 1061 2024 1101 inter

89 1148 134 1175 se
165 1134 466 1188 comparandis
506 1135 714 1177 inservire
748 1136 862 1177 velit.
920 1135 1072 1177 Facile
1110 1136 1276 1176 levitati
1314 1140 1356 1177 et
1395 1138 1697 1191 neglegentiae
1739 1152 1863 1192 opem
1902 1139 2024 1181 feret.

86 1213 234 1255 Probo
274 1217 431 1263 tamen,
471 1214 584 1267 quod
619 1214 701 1256 hoc
739 1229 845 1270 opus
892 1214 1102 1256 vocabula
1145 1228 1167 1255 e
1208 1202 1356 1267 lingua
1398 1217 1618 1269 assyriaca
1665 1221 1843 1271 recepta
1888 1217 2022 1260 Petro

86 1293 294 1335 ι1011301110
344 1298 520 1335 auctore
561 1294 737 1335 indicat.
809 1293 953 1335 Multa
1002 1293 1212 1335 vocabula
1255 1297 1370 1342 sunt,
1415 1308 1594 1347 quorum
1637 1295 1801 1336 formae
1846 1296 1891 1337 in
1936 1311 2022 1338 ser-

86 1386 210 1413 mone
242 1372 406 1426 syriaco
438 1372 661 1413 offendunt
693 1377 744 1424 (e.
767 1387 804 1426 g.
834 1380 957 1430 Q,
989 1372 1103 1426 quod
1135 1386 1187 1413 ex
1217 1372 1313 1425 lege
1351 1373 1521 1426 syriaca
1550 1381 1644 1431 §.³9
1677 1388 1769 1415 esse
1802 1375 2021 1427 debebat).

83 1451 301 1493 Nimirum
320 1451 417 1492 ideo
440 1464 803 1505 supervacaneum
818 1465 903 1492 non
920 1452 1014 1501 erit,
1035 1465 1144 1504 quae
1165 1450 1376 1492 vocabula
1398 1465 1449 1493 ex
1469 1452 1687 1505 assyriaeo
1707 1453 1753 1493 in
1774 1467 2021 1496 aramaeum

86 1543 323 1571 sermonem
351 1530 592 1582 migrarint,
630 1530 699 1571 via
738 1544 790 1571 30
832 1531 1000 1571 ratione
1030 1530 1291 1583 investigare
1323 1534 1366 1571 et
1392 1535 1646 1572 retractare.
1705 1531 1775 1573 De
1806 1534 2019 1574 nonnullis

85 1608 258 1662 quidem
298 1608 518 1650 vocabulis
559 1609 844 1650 dubitandum
876 1610 969 1658 erit,
1013 1614 1247 1663 receptane
1278 1623 1332 1650 an
1363 1609 1418 1650 ab
1451 1611 1617 1663 origine
1646 1611 1818 1663 utrique
1848 1612 2019 1665 linguae

84 1687 327 1729 communia
357 1688 527 1729 fuerint.

193 1766 435 1820 Dispositio
467 1767 702 1808 secundum
741 1766 956 1808 radicales
993 1781 1080 1808 11011
1111 1767 1246 1808 solum
1277 1768 1485 1809 scientiae
1521 1768 1764 1809 rationibus
1794 1769 2016 1822 probatur,

82 1846 158 1888 sed
200 1846 331 1887 etiam
368 1846 495 1899 longe
535 1846 880 1887 commodissima
917 1847 1064 1899 itaque
1101 1846 1192 1887 sola
1229 1850 1312 1896 est,
1351 1861 1461 1900 quae
1501 1847 1768 1888 admittatur.
1828 1847 1943 1889 Nam
1972 1850 2017 1890 in

80 1925 219 1967 lexico
260 1925 528 1979 disponendo
566 1925 610 1965 id
651 1926 884 1980 praecipue
921 1925 1137 1979 agendum
1175 1930 1256 1974 est,
1300 1930 1348 1966 ut
1386 1925 1597 1967 vocabula
1640 1940 1768 1978 quam
1810 1926 2016 1968 facillime

79 2005 363 2046 inveniantur.
421 2003 664 2053 Falluntur‚
687 2006 758 2057 qui
779 2005 859 2046 hoc
881 2006 925 2046 in
945 2005 1151 2046 hebraico
1171 2019 1257 2046 non
1278 2009 1528 2058 agnoscunt,
1559 2005 1659 2057 quia
1680 2006 1811 2046 tironi
1832 2006 2016 2059 primum

81 2084 254 2137 quidem
281 2084 409 2138 paulo
438 2083 651 2125 difficilius
675 2084 773 2133 erit,
801 2076 912 2139 '⁷222
934 2084 1011 2125 sub
1040 2084 1168 2125 litera
1189 2091 1214 2124 Β
1237 2098 1365 2136 (1113111
1386 2092 1413 2125 n
1434 2084 1640 2134 iuvenire3
1661 2084 1765 2125 licet
1785 2088 1932 2125 tamen
1951 2084 2015 2125 illi

79 2164 201 2204 initio
233 2163 380 2204 statim
401 2162 654 2204 discendum
685 2163 751 2211 sit,
782 2154 877 2212 ‘7³53
909 2177 939 2204 s.
960 2178 995 2203 v.
1027 2155 1097 2217 ἓξὲξ
1130 2163 1422 2215 quaerendum
1445 2177 1548 2204 esse.
1607 2163 1818 2204 Attamen
1844 2177 1897 2204 ne
1920 2164 2013 2216 quis

78 2247 202 2296 putet
237 2243 372 2283 ternis
409 2241 476 2282 vel
513 2242 731 2294 quaternis
770 2242 1121 2290 consonantibus,
1159 2242 1215 2282 ad
1253 2256 1433 2294 quarum
1464 2242 1659 2283 ordinem
1689 2241 1899 2283 vocabula
1931 2241 2014 2283 dis-

78 2321 279 2375 ponenda
310 2325 418 2366 sunt,
450 2334 616 2374 semper
645 2334 768 2361 veras
790 2321 941 2361 horum
961 2321 1131 2361 radices
1155 2320 1273 2361 effici.
1323 2321 1393 2362 De
1414 2321 1480 2361 his
1503 2321 1578 2362 alii
1599 2321 1726 2362 aliter
1742 2321 2013 2374 judicabunt,

80 2401 235 2454 quique
269 2403 368 2454 post
405 2413 481 2440 nos
520 2399 585 2440 his
629 2399 784 2440 studiis
826 2399 1060 2448 vacabunt,
1099 2400 1151 2440 de
1194 2401 1339 2441 multis
1378 2400 1507 2441 aliter
1543 2414 1671 2452 quam
1706 2413 1782 2439 nos
1815 2400 2012 2440 sentient.

77 2479 284 2521 Forsitan
311 2478 418 2520 utile
453 2477 662 2527 videatur,
702 2483 750 2520 ut
791 2492 904 2519 nunc
937 2479 1028 2532 jam
1067 2479 1238 2519 radices
1281 2479 1448 2520 mediae
1491 2480 1733 2532 geminatae
1775 2478 1838 2519 ita
1881 2479 2011 2519 etiam

78 2558 247 2600 radices
277 2557 444 2599 mediae
467 2575 488 2596 ο
512 2562 554 2598 et
575 2585 602 2596 ..
623 2557 925 2599 biradicalium
946 2557 1041 2597 loco
1063 2556 1303 2610 disponere.
1336 2583 1387 2588 —
1419 2557 1609 2598 Radices
1631 2556 1912 2598 secundariae
1935 2571 2011 2598 eae

80 2637 222 2686 etiam,
254 2650 433 2690 quarum
461 2637 579 2690 origo
601 2636 831 2677 manifesta
853 2639 930 2685 est,
959 2640 1008 2676 ut
1029 2640 1124 2674 Mu.
1157 2641 1198 2677 et
1228 2660 1293 2686 μ,
1323 2641 1372 2678 ut
1396 2651 1506 2677 nunc
1530 2640 1694 2684 sonant,
1725 2636 2010 2689 proferendae

78 2721 194 2767 sunt3
230 2720 375 2757 tamen
414 2714 609 2767 equidem
641 2717 754 2763 {Xan}-
785 2729 815 2755 s.
846 2729 880 2755 v.
912 2735 989 2762 ‚m-
1021 2718 1069 2755 ut
1098 2713 1195 2757 mxl
1227 2729 1256 2756 s.
1287 2729 1322 2756 V.
1353 2717 1412 2758 la?
1444 2729 1657 2768 ponerem,
1695 2715 1882 2755 lecturos
1913 2730 1942 2756 s.
1974 2730 2009 2756 v.

79 2799 174 2834 hm»
206 2794 262 2836 ad
292 2815 370 2842 μω...
403 2793 620 2847 delegans.

193 2872 288 2928 Quo
317 2873 488 2914 facilius
519 2872 802 2921 inveniantur,
835 2873 965 2913 etiam
995 2886 1119 2914 voces
1141 2873 1392 2926 peregrinas
1422 2872 1655 2913 secundum
1675 2877 1822 2913 ternas
1842 2874 2007 2926 priores

76 2950 226 2993 literas
263 2955 546 2993 consonantes
585 2950 874 3004 disponendas
919 2965 1022 3000 esse,
1059 2951 1149 3005 jam
1190 2952 1422 2992 lexicorum
1467 2951 1755 2992 semiticorum
1797 2955 2008 3001 auctores,

79 3031 150 3083 qui
179 3029 396 3073 XVIImo
427 3030 598 3071 saeculo
635 3030 883 3078 floruerunt,
915 3034 1033 3071 recte
1063 3030 1380 3071 intellexerunt.
1441 3029 1643 3073 Concedo
1670 3030 1714 3070 in
1736 3030 1816 3071 hac
1839 3044 2006 3083 quoque

77 3122 125 3150 re
154 3109 322 3150 molesti
353 3109 516 3161 aliquid
547 3113 725 3150 restare.
771 3108 867 3150 Tali
900 3108 1026 3149 modo
1057 3109 1133 3153 1102
1166 3123 1197 3150 s.
1219 3124 1252 3149 v.
1283 3110 1333 3154 112
1365 3113 1440 3150 aut
1469 3117 1576 3156 mn,
1608 3112 1769 3160 1422:-
1792 3122 1822 3149 s.
1844 3123 1878 3148 r.
1910 3112 2004 3159 ,μα
