2239 3486
1131 77 1195 115 IV

204 201 291 244 Sed
329 202 496 242 lexicon
534 202 764 254 syriacum,
804 200 916 253 quod
948 199 1119 253 quidem
1155 200 1256 240 viris
1289 199 1428 240 doctis
1458 198 1715 249 satisfaciat,
1751 199 1887 241 multa
1920 198 2130 240 librorum

205 281 470 334 syriacorum
499 280 686 320 lectione
715 279 843 320 inniti
873 282 1057 332 oportet.
1114 278 1286 319 Auctor
1307 277 1480 331 quidem
1507 278 1642 330 copia,
1674 292 1802 331 quam
1821 278 1970 332 Payne
1990 277 2131 320 Smith

203 359 410 399 immensa
442 358 668 412 diligentia
699 358 986 406 coacervavit,
1025 360 1229 398 accurate
1263 357 1327 398 uti
1366 356 1559 411 profecto
1590 370 1675 397 non
1705 356 2025 410 aspernabitur,
2054 355 2130 396 sed

200 438 396 491 inprimis
427 438 513 478 suis
543 436 705 478 viribus
735 437 817 477 niti
847 436 988 478 debet.
1049 434 1171 490 Quae
1191 435 1401 477 vocabula
1430 436 1475 476 in
1495 435 1702 476 Peschita
1725 440 1766 477 et
1785 435 1910 476 libris
1929 435 2133 476 versioni-

201 517 365 569 busque
403 520 504 558 ante
539 516 739 557 Arabum
778 515 1112 557 dominationem
1149 514 1334 556 conditis
1371 515 1599 564 invenerit,
1636 514 1702 555 his
1737 514 1921 555 testibus
1963 514 2000 555 ei
2034 527 2132 567 pro-

200 595 347 637 banda
385 599 494 637 sunt.
561 594 758 638 Secundo
798 595 892 635 loco
938 607 1069 647 opera
1107 593 1352 635 recentiora
1395 593 1451 634 ad
1499 592 1620 636 XIV
1626 607 1742 634 mum
1782 593 1874 634 fere
1915 593 2133 634 saeculum

201 675 365 728 scripta
393 674 597 715 habenda
628 677 742 724 sunt3
772 672 1084 727 posterioribus
1115 673 1198 713 nisi
1229 686 1393 714 summa
1425 673 1624 713 cautione
1654 687 1739 713 non
1769 676 1927 714 utetur.

315 752 438 808 Quae
467 752 677 794 vocabula
705 752 937 806 peregrina
967 751 1217 805 recipienda
1248 752 1344 801 sint,
1373 751 1443 792 vix
1475 755 1593 792 certo
1623 751 1749 792 modo
1781 750 1950 792 definiri
1978 754 2134 804 potest.

201 831 429 874 Glossaria
446 831 649 886 Syrorum
665 836 812 872 vetera
826 830 985 871 multas
1000 844 1126 872 voces
1144 844 1336 884 graecas,
1356 830 1583 871 nonnullas
1605 830 1839 871 crudeliter
1860 830 2134 879 deformatas,

199 910 444 964 proferunt,
476 924 585 963 quae
617 923 668 950 ex
697 909 763 950 his
803 914 1032 963 excerptae
1063 924 1089 951 a
1122 910 1312 963 ‚,poetis“
1353 908 1667 962 posterioribus
1705 923 1783 962 pro
1813 909 2004 963 pretioso
2041 923 2134 950 car-

200 991 361 1031 minum
394 992 644 1031 ornamento
667 987 942 1029 adhibentur.
1000 987 1090 1029 Hic
1120 988 1209 1029 illic
1239 988 1329 1029 tale
1360 988 1463 1041 quid
1495 988 1627 1029 etiam
1655 989 1775 1042 prius
1807 988 1958 1037 evenit,
1988 988 2136 1041 itaque

199 1070 308 1110 haec
346 1069 519 1110 nomina
555 1068 693 1108 lexico
732 1067 849 1108 haud
888 1071 988 1108 sunt
1032 1066 1283 1108 omittenda.
1349 1066 1487 1108 Porro
1529 1067 1709 1120 phrases
1746 1072 1794 1108 ut
1832 1083 1914 1123 5²³*
1949 1069 2135 1117 Lena-,ul

202 1148 467 1199 (ἀποδεῖξαι),
509 1150 575 1190 leo.
607 1148 829 1191 lame-me
862 1142 1185 1200 (ἐξορισθῆναι),’
1205 1159 1437 1198 numquam
1465 1145 1672 1189 familiari
1706 1146 1910 1200 Syrorum
1941 1159 2136 1187 sermone

200 1228 405 1276 usitatae,
444 1227 592 1279 itaque
631 1240 656 1267 a
693 1225 970 1267 Nestorianis
1004 1224 1318 1279 posterioribus
1355 1225 1572 1266 interdum
1611 1225 1720 1266 falso
1756 1226 2062 1279 pronuntiatae
2095 1229 2137 1266 et

203 1307 437 1356 adhibitae,
470 1320 564 1347 cum
590 1306 680 1360 jam
711 1305 827 1358 apud
859 1306 1093 1359 scriptores
1125 1304 1284 1346 saeculi
1318 1303 1398 1347 Vti
1428 1304 1711 1352 inveniantur,
1749 1305 1794 1345 in
1823 1304 1962 1346 lexico
1995 1303 2136 1357 profe-

199 1385 360 1427 rendae
391 1390 500 1427 sunt.
558 1384 788 1428 Vocabula
819 1385 991 1437 quidem
1023 1397 1181 1438 graeca
1217 1384 1365 1437 legens
1396 1383 1647 1436 plerumque
1678 1384 1815 1425 lexico
1846 1398 1932 1425 non
1970 1383 2136 1425 evoluto

201 1469 450 1518 cognoscet3
479 1465 524 1506 in
553 1464 729 1506 vocibus
760 1468 905 1505 autem
936 1464 1144 1505 seriorum
1175 1467 1417 1516 temporum
1449 1476 1668 1515 nunquam
1687 1462 1905 1516 Ducangii
1928 1463 2137 1517 glossario

199 1545 265 1585 vel
287 1558 416 1598 opere
447 1543 574 1585 simili
605 1544 775 1584 omnino
797 1557 947 1584 carere
967 1547 1122 1597 potest.
1152 1567 1209 1572 -
1238 1541 1467 1585 Vocabula
1496 1542 1673 1595 originis
1702 1542 1897 1595 persicae
1927 1555 1949 1583 e
1977 1543 2137 1595 glossa-

200 1624 276 1664 riis
306 1627 474 1664 tantum
505 1626 609 1664 nota
641 1636 768 1675 quam
789 1622 975 1676 plurima
995 1622 1246 1675 recipienda
1268 1626 1379 1670 sunt,
1409 1635 1509 1662 nam
1530 1621 1737 1674 pleraque
1759 1635 1781 1662 e
1801 1622 1950 1674 lingua
1970 1621 2138 1675 vulgari

201 1707 275 1743 aut
304 1702 429 1743 libris
459 1701 752 1755 popularibus,
785 1701 937 1754 quibus
959 1705 1058 1742 acta
1078 1705 1315 1754 martyrum
1336 1701 1426 1742 fere
1447 1701 1590 1742 omnia
1611 1700 1897 1741 adnumerare
1920 1701 2138 1748 debemus,

200 1782 356 1823 hausta
387 1785 495 1822 sunt.

314 1860 366 1901 In
399 1859 603 1901 derivatis
634 1860 862 1901 verborum
893 1859 1160 1913 proferendis
1198 1859 1528 1913 lexicographus
1567 1859 1702 1900 arctis
1738 1858 1894 1900 finibus
1926 1872 1971 1900 se
2003 1859 2137 1900 conti-

200 1954 305 1981 nere
341 1942 497 1992 potest.
555 1939 600 1979 A
632 1940 778 1991 quovis
815 1938 946 1980 verbo
982 1947 1072 1995 ἣξει
1111 1952 1265 1979 nomen
1301 1939 1468 1991 agentis
1505 1939 1621 1995 lim,
1658 1953 1683 1979 a
1720 1939 1865 1991 quovis
1902 1947 1994 1977 m
2031 1954 2068 1979 11.
2102 1953 2138 1980 0.

200 2018 346 2076 Q»
378 2018 556 2059 formari
586 2022 732 2072 potest
765 2022 843 2059 etc.
904 2017 966 2059 Ut
1000 2018 1134 2071 igitur
1164 2017 1414 2071 participia,
1448 2018 1531 2058 nisi
1563 2018 1735 2070 quidem
1764 2021 1944 2070 propter
1973 2016 2138 2059 formae

199 2098 267 2139 vel
306 2111 453 2138 sensus
483 2098 774 2151 proprietates
814 2097 1024 2150 quasdam
1060 2096 1319 2150 proferenda
1356 2101 1465 2146 sunt,
1508 2097 1676 2138 silentio
1719 2097 2138 2150 praetermittuntur,

201 2178 264 2218 ita
300 2177 551 2230 plerumque
586 2177 708 2234 ljm,
751 2175 917 2233 Q»,
960 2175 1140 2232 Q&
1178 2181 1256 2217 etc.
1289 2190 1455 2229 quoque
1498 2180 1673 2229 praeter
1710 2175 1938 2216 verborum
1977 2175 2138 2216 formas

203 2256 447 2297 enumerari
468 2270 554 2297 non
575 2259 758 2310 oportet.
798 2255 938 2297 Porro
959 2255 1279 2296 abstractorum
1300 2256 1345 2296 in
1367 2253 1497 2312 lloss,
1521 2254 1820 2296 adverbiorum
1843 2255 1886 2295 in
1909 2255 2029 2305 kal-⁰-
2054 2254 2139 2295 for-

200 2336 334 2377 matio
373 2340 464 2377 tam
500 2334 660 2384 facilis,
699 2348 845 2376 sensus
883 2339 973 2376 tam
1009 2334 1262 2376 manifestus
1303 2338 1384 2383 est,
1419 2339 1467 2375 ut
1499 2348 1533 2375 0.
1566 2348 1602 2387 g.
1639 2338 1814 2387 praeter
1850 2336 1978 2377 QZ-
2009 2334 2139 2376 etiam

202 2412 368 2472 Ιξαέίῑιὶ
408 2418 450 2456 et
493 2416 673 2458 &ahak-d·
710 2414 905 2469 proferre
942 2427 1306 2468 supervacaneum
1342 2414 1409 2454 sit.
1477 2412 1561 2468 Qui
1592 2414 1776 2462 noverit,
1818 2413 1921 2466 quid
1963 2413 2139 2454 verbum

199 2493 363 2535 formae
400 2503 491 2533 m
527 2494 594 2535 vel
628 2495 756 2550 §gul
790 2492 1019 2547 significet,
1059 2493 1097 2534 ei
1133 2492 1293 2534 formas
1326 2490 1536 2550 l}²i}>÷»,
1572 2491 1806 2549 KQ&
1844 2496 1923 2533 etc.
1955 2492 2140 2534 indicari

200 2588 285 2616 non
307 2577 489 2627 oportet.
547 2572 693 2617 Valde
714 2573 858 2622 miror,
888 2572 1225 2625 quotiescunque
1246 2572 1356 2613 tales
1370 2571 1533 2612 formae
1554 2571 1597 2612 in
1619 2572 1765 2624 quovis
1796 2571 1909 2612 libro
1938 2584 2046 2612 novo
2075 2570 2138 2612 in-

200 2653 437 2694 veniendae
472 2653 600 2694 lexici
637 2652 905 2693 incrementa
942 2651 1229 2692 nominantur.
1294 2650 1464 2692 Eodem
1498 2650 1596 2704 jure
1634 2664 1729 2691 cum
1770 2651 1815 2691 in
1851 2649 1965 2691 libro
2002 2663 2139 2703 nuper

203 2732 319 2774 edito
361 2731 481 2773 verbi
525 2731 747 2785 cujusdam
789 2733 824 2771 2.
860 2744 972 2785 pers.
1007 2730 1063 2784 pl.
1100 2744 1154 2771 m.
1191 2730 1298 2784 perf.
1336 2744 1439 2772 casu
1476 2730 1662 2783 quodam
1699 2729 1818 2783 prius
1857 2743 1942 2769 non
1980 2728 2138 2770 lectam

200 2812 425 2861 inveneris,
462 2816 509 2852 ut
539 2824 686 2852 vocem
718 2814 848 2852 antea
878 2810 1071 2863 ignotam
1101 2810 1295 2851 indicare
1324 2810 1489 2851 liceret.
1549 2807 1636 2852 Sed
1668 2809 1749 2849 hac
1782 2808 1835 2849 de
1865 2822 1912 2849 re
1942 2807 2138 2862 pluribus

201 2889 346 2931 verbis
361 2890 515 2931 disseri
529 2893 682 2943 potest.
713 2888 868 2942 Neque
883 2890 1012 2930 etiam
1025 2889 1148 2930 valde
1163 2889 1393 2931 dolendum
1409 2893 1485 2937 est,
1502 2889 1536 2928 si
1555 2887 1726 2941 quando
1739 2888 1782 2928 111
1799 2887 1938 2928 lexico
1950 2886 2140 2928 manuali

204 2969 316 3010 desit
343 2967 494 3023 Ethpe<
505 2968 554 3017 el,
586 2967 700 3020 quod
722 2981 885 3009 merum
912 2969 1140 3022 passivum,
1169 2969 1232 3010 vel
1254 2969 1384 3010 Af‘el.
1416 2967 1528 3021 quod
1550 2981 1711 3007 merum
1735 2966 1998 3007 causativum
2019 2965 2139 3006 verbi

202 3047 320 3089 Pe‘al
352 3047 674 3089 commemorati
707 3051 783 3088 est.

316 3127 504 3168 Nomina
543 3126 721 3180 propria
760 3125 997 3167 omittenda
1036 3133 1144 3168 sunt.
1213 3126 1320 3169 Cum
1362 3126 1533 3180 quando
1574 3126 1726 3167 literae
1770 3125 1964 3177 syriacae
2003 3123 2136 3164 multo
