2239 3486
90 849 415 928 CAROLUS
458 849 1008 926 BROCKELMANN
1048 850 1399 928 LECTURIS
1440 850 1767 929 SALUTEM
1804 852 2014 930 DICIT.

199 1031 279 1113 Iis,
309 1077 420 1116 quae
441 1062 520 1105 Th.
540 1062 740 1105 Noldeke
767 1063 879 1106 libro
906 1078 1000 1106 meo
1020 1065 1242 1119 praefatus
1264 1068 1341 1114 est,
1370 1079 1510 1119 pauca
1530 1064 1683 1115 habeo,
1715 1079 1824 1118 quae
1846 1066 2016 1108 addam.

198 1141 437 1185 Vocalibus
466 1156 567 1184 usus
597 1156 691 1184 sum
721 1143 888 1196 graecis
917 1157 1038 1186 more
1066 1143 1373 1186 Jacobitarum
1402 1147 1579 1197 praeter
1610 1158 1632 1185 e
1664 1148 1707 1186 et
1736 1158 1772 1193 o,
1803 1158 1829 1186 a
1859 1143 2017 1186 Nesto-

84 1222 217 1263 rianis
247 1225 417 1263 tantum
446 1226 649 1271 servatas,
679 1235 785 1275 quas
814 1222 892 1264 hos
923 1226 1094 1265 secutus
1121 1222 1291 1277 punctis
1323 1223 1499 1276 signavi.
1548 1223 1829 1265 Auctoritate
1863 1223 2016 1265 ductus

86 1314 178 1341 sum
194 1299 449 1349 Bibliorum,
470 1300 677 1341 adhibitis
693 1300 967 1343 Bai-hebraei
981 1301 1311 1350 commentariis,
1333 1305 1375 1342 et
1390 1301 1793 1356 lexicographorum
1811 1302 2018 1356 Syrorum

84 1380 279 1434 inprimis
309 1379 435 1420 Eliae
455 1378 657 1420 Nisibeni
687 1379 848 1421 codicis
871 1379 1075 1429 Gothani,
1107 1380 1226 1435 cujus
1257 1383 1465 1433 quantum
1494 1380 1539 1421 in
1568 1381 1650 1422 hac
1677 1395 1724 1422 re
1745 1382 1802 1422 sit
1821 1382 2018 1436 pretium,

84 1472 207 1500 nemo
237 1458 387 1499 nescit.
447 1457 569 1512 Quae
606 1457 817 1500 vocabula
853 1458 950 1500 aliis
980 1458 1244 1508 Nestoriani,
1282 1458 1378 1500 aliis
1408 1459 1643 1502 Jacobitae
1678 1460 1897 1502 vocalibus
1929 1462 2018 1502 ani-

83 1541 214 1587 mant,
243 1537 432 1579 indicavi
459 1541 630 1579 secutus
660 1536 932 1579 Barhebraei
962 1538 1301 1591 grammaticam,
1332 1537 1553 1589 adhibitis,
1584 1553 1693 1593 quae
1723 1554 1758 1580 v.
1780 1540 1830 1581 cl.
1851 1539 2019 1581 Mai-tin

86 1617 132 1658 in
159 1616 204 1658 J.
234 1616 290 1658 A.
321 1616 370 1657 P.
402 1618 484 1657 ser.
513 1614 583 1659 VI
612 1616 690 1658 vol.
723 1619 745 1657 9
777 1631 818 1670 p.
849 1619 929 1659 305
947 1630 1009 1669 sq.
1040 1616 1289 1670 disputavit.

197 1695 523 1738 Vocabulorum
560 1695 897 1749 significationes
939 1696 996 1737 ad
1034 1696 1229 1738 ordinem
1266 1696 1433 1738 ratione
1473 1701 1514 1738 et
1552 1711 1632 1739 usu
1673 1698 2018 1740 commendatum

86 1775 294 1829 disposui3
333 1774 739 1828 significationibus,
778 1788 884 1828 quas
922 1775 1087 1825 dicunt,
1130 1775 1347 1829 primariis
1389 1776 1716 1830 investigandis,
1759 1791 1833 1818 seu
1874 1778 2019 1827 mavis,

85 1852 297 1907 fingendis
328 1867 506 1908 operam
534 1867 620 1895 non
651 1854 762 1895 dedi.

196 1932 389 1986 Linguas
420 1936 628 1986 cognatas
665 1934 709 1974 in
746 1934 798 1974 iis
828 1936 997 1974 tantum
1032 1932 1254 1974 radicibus
1292 1933 1641 1975 discriminandis
1678 1935 1868 1984 adhibui,
1909 1950 2017 1989 quae

85 2011 140 2054 ab
178 2012 343 2065 origine
379 2012 574 2053 diversae
611 2026 723 2053 nunc
756 2025 778 2053 e
808 2012 981 2065 linguae
1010 2012 1179 2066 legibus
1208 2013 1254 2054 in
1282 2027 1412 2054 unam
1443 2012 1660 2067 collapsae
1698 2018 1798 2055 sunt
1825 2014 2017 2056 formam.

84 2090 313 2134 Vocabula
342 2091 584 2145 peregrina,
614 2095 663 2133 ut
694 2105 853 2145 graeca
882 2096 1063 2141 taceam,
1094 2105 1206 2144 quae
1237 2092 1417 2145 quisque
1447 2091 1575 2134 facile
1606 2097 1848 2146 cognoscet,
1886 2107 2019 2146 quan-

84 2173 175 2211 tum
204 2169 298 2211 fieri
327 2170 480 2224 potuit,
510 2169 566 2211 ad
597 2170 808 2223 originem
836 2170 1064 2212 referenda
1093 2171 1252 2212 censui.
1310 2169 1365 2212 In
1393 2172 1574 2225 persicis
1605 2171 1662 2213 ad
1692 2171 1818 2213 Pauli
1850 2172 1904 2214 de
1933 2172 2018 2214 La-

86 2248 219 2302 garde
250 2249 444 2303 inprimis
475 2262 608 2303 opera
636 2249 844 2290 lectorem
875 2249 1084 2303 ablegavi,
1115 2250 1187 2303 qui
1218 2263 1386 2303 semper
1414 2249 1523 2299 fere,
1553 2250 1657 2303 quid
1689 2250 1743 2292 de
1773 2265 1941 2304 quaque
1971 2266 2018 2293 re

84 2328 163 2369 viri
194 2327 312 2369 docti
337 2327 637 2382 judicaverint,
669 2329 875 2382 exposuit,
905 2328 967 2370 ita
995 2332 1045 2369 ut
1074 2328 1170 2369 aliis
1200 2328 1428 2370 laudandis
1460 2329 1741 2382 supersedere
1769 2344 1892 2384 posse
1915 2331 2017 2372 mihi

87 2406 268 2448 viderer.

196 2486 245 2527 P.
266 2486 299 2528 J
302 2500 432 2528 ensen
461 2486 649 2528 lecturos
680 2489 826 2527 monet
856 2499 1011 2527 nomen
1040 2500 1162 2527 suum
1191 2486 1367 2528 vocibus
1400 2487 1629 2540 assyriacis
1660 2486 1857 2529 additum
1888 2489 2018 2529 inter-

88 2564 189 2607 dum
218 2564 462 2619 significare
494 2579 539 2607 se
569 2566 754 2619 primum
783 2566 828 2606 in
856 2564 1031 2607 vocibus
1063 2564 1154 2618 jam
1186 2569 1315 2607 antea
1352 2565 1466 2606 111161·
1497 2579 1541 2607 86
1573 2568 1834 2620 comparatis
1865 2580 2017 2608 causas

85 2644 359 2694 intellexisse,
391 2644 545 2698 quibus
574 2644 845 2698 probaretur,
874 2657 1022 2685 vocem
1053 2644 1264 2698 syriacam
1296 2658 1346 2686 ex
1377 2645 1596 2698 assyriaca
1625 2649 1847 2699 receptam
1878 2659 1981 2687 esse.

196 2723 393 2765 Indicem
424 2723 615 2772 latinum,
646 2737 699 2764 ne
720 2723 845 2764 nimis
876 2727 1116 2776 augeretur,
1147 2723 1209 2764 ita
1231 2723 1408 2772 confeci,
1439 2728 1486 2764 ut
1506 2724 1701 2777 inprimis
1723 2723 1855 2766 verba
1876 2725 2017 2766 activa

87 2801 352 2855 colligerem,
387 2803 558 2856 passiva
596 2806 638 2843 et
674 2803 846 2843 nomina
883 2816 909 2843 a
939 2801 1081 2843 verbis
1119 2803 1316 2844 derivata
1353 2802 1613 2854 omitterem3
1651 2803 1813 2856 itaque,
1850 2804 1885 2844 si
1923 2803 2016 2856 quis

88 2893 120 2921 e.
153 2895 202 2934 g.,
232 2894 342 2934 quae
370 2894 494 2923 voces
516 2882 710 2936 syriacae
735 2881 1001 2935 „cingulum“
1031 2881 1285 2934 significent,
1318 2882 1554 2934 comperire
1575 2881 1688 2930 velit,
1720 2895 1748 2922 8.
1771 2896 1805 2922 v,
1830 2882 2013 2933 „cinxit“

86 2964 276 3012 quaerat.

197 3037 417 3080 Addenda
461 3042 504 3080 et
538 3039 825 3080 Emendanda
864 3039 1070 3092 pleraque
1107 3039 1209 3080 viris
1250 3039 1389 3080 doctis
1426 3053 1521 3080 mox
1553 3038 1823 3080 nominandis
1866 3037 2014 3085 debeo,

87 3116 288 3158 nonnulla
318 3117 464 3167 libros,
496 3118 595 3158 dum
625 3118 794 3160 lexicon
825 3117 902 3159 sub
934 3117 1054 3172 prelo
1077 3122 1152 3167 est,
1185 3118 1324 3160 editos
1346 3117 1411 3159 vel
1433 3118 1667 3171 acquisitos
1688 3118 1834 3172 legens
1857 3117 2008 3166 inveni,
