2268 3500
744 684 1342 747 PRAEFATIO.

188 844 396 929 Rogante
425 873 663 927 bibliopola
692 873 993 915 honestissimo
1032 887 1100 915 me
1130 873 1466 915 Brockelmanni
1497 875 1634 916 lexico
1667 876 1834 929 syriaco
1866 889 2004 928 pauca

73 954 368 1009 praefaturum
405 966 497 994 esse
532 953 826 1006 promiseram.
892 951 997 1002 Sed,
1035 957 1083 994 ut
1112 954 1297 1007 primum
1336 958 1663 1007 „prospectum“
1704 954 1759 995 ab
1800 968 1848 995 eo
1885 954 2006 1008 jussu

75 1033 338 1086 bibliopolae
367 1032 659 1085 conscriptum
687 1031 791 1085 legi,
822 1045 889 1072 me
921 1033 1228 1086 supervacanei
1259 1032 1362 1086 quid
1390 1033 1638 1086 promisisse
1668 1033 1877 1082 intellexi,
1910 1048 2006 1075 cum

75 1126 159 1154 non
189 1111 332 1161 modo,
371 1110 485 1164 quod
514 1111 587 1152 ille
619 1111 831 1164 exposuit,
871 1125 1024 1152 novum
1061 1111 1231 1152 lexicon
1261 1112 1459 1153 manuale
1490 1111 1705 1165 syriacum
1736 1113 1905 1154 omnino
1935 1127 2007 1154 ne-

74 1191 311 1233 cessarium
341 1204 451 1239 esse,
491 1190 595 1231 mihi
627 1203 795 1243 quoque
819 1189 987 1243 jamdiu
1015 1190 1343 1243 persuasissem,
1381 1190 1456 1231 sed
1490 1190 1621 1231 etiam
1650 1191 1787 1244 leges,
1826 1206 1932 1245 quas
1963 1193 2008 1233 in

73 1270 186 1312 libro
218 1268 446 1311 scribendo
477 1268 561 1310 sibi
590 1269 824 1322 proposuit,
855 1282 1000 1310 omnes
1030 1268 1121 1309 fere
1150 1268 1391 1322 probarem.
1453 1268 1541 1311 Sed
1573 1269 1626 1310 de
1656 1284 1785 1324 opere
1810 1270 1902 1325 jam
1933 1271 2008 1312 ab·

77 1350 215 1391 soluto
253 1348 444 1390 scribere
480 1361 568 1389 non
602 1361 794 1400 possum,
833 1347 948 1400 quod
990 1347 1180 1389 nondum
1217 1347 1322 1388 satis
1360 1346 1405 1387 id
1444 1349 1633 1401 cognovi.
1693 1348 1748 1389 In
1777 1349 1914 1391 lexico
1945 1351 2008 1391 in-

76 1428 245 1470 dustria
276 1430 319 1468 et
348 1426 571 1480 diligentia
601 1426 847 1479 conscripto
868 1426 1006 1467 multa
1026 1425 1152 1475 bona,
1182 1426 1319 1467 multa
1337 1426 1477 1467 minus
1498 1427 1726 1480 probanda
1747 1428 2007 1483 investigare

75 1506 203 1548 facile
233 1505 403 1559 quidem
436 1509 518 1557 est3
550 1504 626 1546 sed
656 1505 807 1558 quanti
827 1519 875 1546 re
895 1519 996 1546 vera
1017 1505 1333 1546 aestimandum
1360 1505 1428 1555 sit,
1459 1519 1582 1547 nemo
1607 1506 1845 1561 dijudicare
1865 1513 2007 1562 potest

75 1587 174 1636 nisi,
213 1587 284 1640 qui
319 1586 494 1638 longum
529 1588 698 1638 tempus
736 1598 784 1625 eo
821 1598 921 1625 usus
960 1585 1027 1625 sit.
1087 1583 1175 1627 Sed
1211 1598 1297 1625 non
1326 1598 1518 1637 possum,
1563 1586 1665 1638 quin
1694 1586 2010 1639 praefationem

75 1664 276 1713 scribam,
312 1663 571 1718 praesertim
601 1677 697 1704 cum
726 1663 770 1704 in
800 1663 1018 1705 fasciculis
1044 1663 1135 1717 jam
1167 1663 1294 1704 editis
1324 1663 1502 1705 lecturis
1534 1665 1747 1717 promissa
1779 1666 1846 1707 sit.
1905 1666 2010 1710 Sen-

74 1744 212 1785 tentia
232 1743 319 1793 illa,
349 1756 459 1796 quae
481 1741 695 1795 superflua
715 1755 873 1783 nocere
892 1743 1077 1796 negavit,
1107 1743 1151 1782 in
1171 1742 1308 1783 lexico
1331 1741 1502 1796 quidem
1523 1757 1608 1784 non
1628 1744 1867 1797 probanda,
1898 1747 2009 1788 hanc

75 1822 386 1876 praefationem
417 1821 604 1875 quodam
633 1820 759 1862 modo
791 1825 1039 1862 excusatam
1067 1834 1159 1862 esse
1187 1821 1325 1862 velim.

187 1900 348 1942 Lexico
388 1901 554 1954 syriaco
595 1899 725 1949 brevi,
767 1900 985 1953 locupleti,
1026 1900 1196 1941 modico
1235 1901 1375 1954 pretio
1419 1902 1598 1943 emendo
1635 1916 1712 1944 nos
1738 1903 1829 1957 jam
1860 1919 2009 1948 carere

75 1994 160 2022 non
200 1993 336 2034 posse,
375 1992 498 2020 nemo
539 1979 694 2028 nescit,
745 1980 818 2032 qui
855 1979 1082 2033 juvenibus
1123 1979 1274 2020 literas
1317 1981 1507 2034 syriacas
1556 1981 1751 2024 tradidit.
1829 1982 2011 2026 Castelli

75 2059 244 2101 lexicon
278 2058 581 2112 heptaglotton
617 2072 692 2100 suo
730 2058 904 2111 quidem
944 2062 1139 2112 tempore
1183 2058 1300 2100 haud
1331 2060 1691 2102 contemnendum
1723 2065 1828 2111 erat,
1865 2076 2011 2116 quam-

77 2153 205 2192 quam
234 2152 320 2179 non
350 2136 549 2178 Buxtorfi
584 2136 742 2178 nedum
770 2136 943 2178 Ludolfi
979 2151 1111 2191 opera
1147 2139 1358 2191 aequavit.
1386 2138 1499 2180 Pars
1539 2139 1628 2193 ejus
1661 2141 1840 2194 syriaca,
1883 2155 2011 2195 quam

76 2217 120 2260 J.
151 2217 206 2259 D.
238 2215 469 2258 Michaelis
500 2216 679 2257 seorsim
712 2216 1006 2257 excudendam
1038 2217 1213 2266 curavit,
1249 2217 1431 2258 multum
1463 2217 1636 2270 quidem
1671 2219 1808 2261 literis
1839 2220 2011 2274 profuit,

77 2297 153 2338 sed
185 2296 352 2350 jamdiu
392 2294 582 2336 nondum
624 2293 885 2346 sufficiebat3
929 2295 1188 2345 accedebat,
1230 2296 1343 2349 quod
1384 2297 1572 2350 pretium
1611 2301 1740 2339 antea
1782 2300 1888 2340 satis
1926 2313 2011 2341 me-

79 2375 242 2426 diocre,
294 2377 523 2427 postquam
565 2374 708 2415 omnia
751 2374 1017 2428 examplaria
1065 2374 1287 2416 divendita
1330 2379 1446 2424 sunt,
1497 2389 1523 2417 a
1569 2380 1761 2418 veterum
1803 2378 2011 2420 librorum

79 2452 397 2507 coemptoribus
433 2453 558 2494 nimis
593 2457 767 2494 auctum
805 2458 908 2495 erat.
975 2453 1317 2507 Payne-Smithii
1353 2454 1546 2496 thesauri
1576 2456 1781 2509 ingentis,
1818 2463 2011 2511 praeter-

80 2546 205 2586 quam
237 2531 350 2585 quod
380 2531 571 2572 nondum
601 2531 823 2573 absolutus
856 2538 932 2582 est,
969 2532 1112 2573 aditus
1143 2532 1357 2574 tironibus
1397 2547 1483 2575 non
1520 2535 1624 2576 satis
1654 2540 1788 2589 patet,
1824 2537 2010 2590 pretium

78 2611 295 2664 plerisque
325 2624 410 2651 non
439 2610 711 2652 tolerandum
741 2616 817 2652 est.
868 2610 1071 2654 Ceterum
1106 2611 1242 2653 lexico
1265 2612 1432 2665 syriaco
1453 2613 1643 2654 manuali
1674 2628 1727 2655 ne
1758 2615 1794 2655 is
1826 2615 2010 2668 quidem.

80 2689 153 2742 qui
182 2690 226 2730 in
258 2687 463 2742 Syrorum
493 2702 688 2731 sermone
723 2690 947 2743 literisque
984 2690 1222 2731 studiorum
1260 2690 1404 2732 sedem
1444 2692 1682 2741 collocavit,
1713 2694 1777 2735 uti
1807 2707 2011 2747 asperna-

80 2767 208 2809 bitur.
265 2767 465 2820 Denique
496 2768 756 2821 sperandum
788 2773 853 2810 est
882 2769 985 2818 fore,
1015 2774 1062 2810 ut
1092 2769 1230 2810 lexico
1260 2770 1449 2811 manuali
1482 2771 1672 2825 theologi
1711 2776 1753 2813 et
1784 2772 2010 2814 christiani

82 2849 126 2887 et
163 2845 311 2900 judaei
353 2845 409 2888 ad
451 2846 643 2900 linguam
679 2848 891 2901 syriacam
929 2848 1161 2901 diligenter
1202 2848 1514 2890 addiscendam
1558 2849 1778 2903 librosque
1821 2852 2009 2905 sjmiacos

80 2912 339 2966 lectitandos
369 2924 628 2975 alliciantur,
657 2926 715 2975 id,
745 2927 859 2979 quod
891 2927 1031 2968 adhuc
1061 2941 1156 2976 non,
1187 2931 1235 2968 ut
1264 2942 1344 2981 par
1377 2932 1481 2977 erat,
1511 2928 1716 2970 fecerunt.

192 3000 355 3044 Lexica
385 3007 536 3045 nostra
566 3004 745 3046 arabica
776 3005 948 3058 quidem
980 3007 1085 3047 satis
1106 3006 1300 3060 perfecta
1333 3020 1424 3048 esse
1451 3012 1693 3061 potuerunt,
1726 3022 1821 3049 cum
1843 3010 2010 3063 copiam

82 3079 306 3122 verborum
335 3082 390 3124 ab
413 3082 612 3124 Arabum
641 3084 957 3138 lexicographis
989 3085 1214 3126 collectam
1247 3090 1288 3126 et
1311 3085 1524 3138 digestam
1547 3086 1684 3128 denuo
1707 3091 2008 3131 retractarent.
